<?xml version="1.0" encoding="UTF-8"?><collection xmlns="http://www.loc.gov/MARC21/slim"><record><leader>00724nam--2200205-i-4500</leader><controlfield tag="001">000015087</controlfield><controlfield tag="002">20161230</controlfield><controlfield tag="005">20161230201031</controlfield><controlfield tag="008">060222s1000------------r-----000-0-eng-d</controlfield><datafield ind1=" " ind2=" " tag="020"><subfield code="a">306381141</subfield></datafield><datafield ind1=" " ind2=" " tag="040"><subfield code="a">IFIN-HH</subfield></datafield><datafield ind1=" " ind2=" " tag="080"><subfield code="a">061.3:543.422.8:537.531</subfield></datafield><datafield ind1="1" ind2=" " tag="100"><subfield code="a">Barrett, Charles S</subfield></datafield><datafield ind1=" " ind2=" " tag="245"><subfield code="a">Advances in x-ray analysis</subfield><subfield code="b">Volume 14. proceedings of the ninteenth annual conferecne on applications of x-ray analysis held august 5-7, 1970</subfield><subfield code="c">Charles s. barrett, john b. newkirk, clayton o. ruud (eds.)</subfield></datafield><datafield ind1=" " ind2=" " tag="260"><subfield code="a">New York</subfield><subfield code="b">Plemun Press Inc</subfield><subfield code="c">1971</subfield></datafield><datafield ind1=" " ind2=" " tag="300"><subfield code="a">500P</subfield></datafield><datafield ind1=" " ind2=" " tag="490"><subfield code="a">Advances In X-ray Analysis. Proceedings</subfield></datafield><datafield ind1="1" ind2=" " tag="700"><subfield code="a">Ruud, Clayton O</subfield><subfield code="e">Ed</subfield></datafield><datafield ind1=" " ind2=" " tag="852"><subfield code="a">15913</subfield><subfield code="c">537.531</subfield></datafield><datafield ind1=" " ind2=" " tag="CAT"><subfield code="a">Sys</subfield><subfield code="c">20110809</subfield><subfield code="h">084645</subfield></datafield></record></collection>